<?xml version="1.0" encoding="UTF-8"?><record xmlns="http://www.loc.gov/MARC21/slim" xmlns:cinclude="http://apache.org/cocoon/include/1.0" xmlns:zs="http://www.loc.gov/zing/srw/">
  <leader>00816nz  a2200133n  4500</leader>
  <controlfield tag="001">n 2015002610</controlfield>
  <controlfield tag="003">DLC</controlfield>
  <controlfield tag="005">20150113153318.0</controlfield>
  <controlfield tag="008">150113n| azannaabn          |a ana      </controlfield>
  <datafield tag="010" ind1=" " ind2=" ">
    <subfield code="a">n 2015002610</subfield>
  </datafield>
  <datafield tag="040" ind1=" " ind2=" ">
    <subfield code="a">DLC</subfield>
    <subfield code="b">eng</subfield>
    <subfield code="e">rda</subfield>
    <subfield code="c">DLC</subfield>
  </datafield>
  <datafield tag="110" ind1="1" ind2=" ">
    <subfield code="a">Turkmenistan.</subfield>
    <subfield code="t">Saparmyrat Tu̇rkmenbashynyn︠g︡ Tu̇rkmenistanyn︠g︡ grazhdan kodeksi (1998).</subfield>
    <subfield code="l">Russian</subfield>
  </datafield>
  <datafield tag="410" ind1="1" ind2=" ">
    <subfield code="a">Turkmenistan.</subfield>
    <subfield code="t">Grazhdanskiĭ kodeks Turkmenistana (1998)</subfield>
  </datafield>
  <datafield tag="670" ind1=" " ind2=" ">
    <subfield code="a">Türkmenistanyň raýat kodeksi, 2014:</subfield>
    <subfield code="b">title page (Türkmenistanyň raýat kodeksi : 2014-nji ýylyň 1-nji martyna çenli girizilen üýtgetmeler we goşmaçalar bilen berildi = Grazhdanskiĭ kodeks Turkmenistana) page 596 (Vedomosti medzhlisa Turkmenistana, 1998 g. no 2, st.38) page 598 (Saparmurat Tukrmenbashi, gorda Ashkhabad, 17 ii︠u︡li︠a︡ 1998 g. no 294-I)</subfield>
  </datafield>
</record>